%
%  Vzor bibliografické databáze pro automatickou tvorbu seznamu referencí
%  pomocí BibTeXu
%
%  Doporučený software pro správu databáze literatury formátu *.bib:
%    JabRef, http://jabref.sourceforge.net/
%
%  POZOR:
%
%    *  Písmena v názvech publikací, jež je třeba tisknout vždy velká, se musejí psát
%       do složených závorek ({T}hailand, {HIV})
%
%  ===========================================================================
@Book{Uhlir1978,
	author = "Jiří Uhlíř and Rudolf Fišer and Eva Nováčková",
  title = {Třebíč: Dějiny města I.},
  publisher = {Blok},
	year = {1978},
  isbn = {8023918222},
	place = "Brno",
}

@Book{Janak1981,
	author = "Jan Janák",
  title = {Třebíč: Dějiny města II.},
  publisher = {Blok},
	year = {1981},
	place = "Brno",
}
@Book{Honzak1995,
	author = "František Honzák and Marek Pečenka and František Stellner and Jitka Vlčková",
  title = {Evropa v proměnách staletí},
  publisher = {Libry},
	year = {1995},
	isbn = {80-85983-00-1}
	place = "Praha",
}
@Book{Wihoda2010,
	author = "Martin Wihoda",
  title = {Morava v době knížectví 906-1197},
  publisher = {Lidové Noviny},
	year = {2010},
	isbn = {978-80-7106-563-0}
	place = "Praha",

}

